<record><leader>00000cas a2200000 a 4500</leader><controlfield tag="001">15869804</controlfield><controlfield tag="008">870609d188u1899iluwr ne      0    0eng c</controlfield><controlfield tag="009">3770</controlfield><datafield ind1=" " ind2=" " tag="010"><subfield code="a">sn 87082762 </subfield></datafield><datafield ind1=" " ind2=" " tag="040"><subfield code="a">NPV</subfield><subfield code="b">eng</subfield><subfield code="c">NPV</subfield><subfield code="d">NVF</subfield><subfield code="d">GK8</subfield><subfield code="d">NVF</subfield><subfield code="d">OCLCF</subfield></datafield><datafield ind1="1" ind2=" " tag="029"><subfield code="a">AU@</subfield><subfield code="b">000020473498</subfield></datafield><datafield ind1=" " ind2=" " tag="042"><subfield code="a">pcc</subfield></datafield><datafield ind1=" " ind2=" " tag="043"><subfield code="a">n-us-il</subfield></datafield><datafield ind1="0" ind2=" " tag="130"><subfield code="a">Sunday eye (Bloomington, Ill.)</subfield></datafield><datafield ind1="1" ind2="4" tag="245"><subfield code="a">The Sunday eye.</subfield></datafield><datafield ind1="1" ind2="3" tag="246"><subfield code="a">Saturday truth and the Sunday eye</subfield><subfield code="f">&lt;July 5-Dec. 20, 1891&gt;</subfield></datafield><datafield ind1="1" ind2="3" tag="246"><subfield code="a">Saturday truth and Sunday eye</subfield><subfield code="f">&lt;July 15, 1894&gt;</subfield></datafield><datafield ind1="1" ind2="3" tag="246"><subfield code="a">Saturday truth the Sunday eye</subfield><subfield code="f">&lt;Dec. 22, 1895&gt;</subfield></datafield><datafield ind1="1" ind2=" " tag="246"><subfield code="i">Published as:</subfield><subfield code="a">Saturday truth &amp; the Sunday eye</subfield><subfield code="f">&lt;Dec. 20, 1891&gt;, &lt;Dec. 18, 1892&gt;, &lt;Dec. 20, 1896&gt;</subfield></datafield><datafield ind1=" " ind2=" " tag="260"><subfield code="a">Bloomington, Ill. :</subfield><subfield code="b">Geo. L. Hutchin,</subfield><subfield code="c">[188-?]-1899.</subfield></datafield><datafield ind1=" " ind2=" " tag="300"><subfield code="a">v.</subfield></datafield><datafield ind1=" " ind2=" " tag="310"><subfield code="a">Weekly</subfield></datafield><datafield ind1="1" ind2=" " tag="362"><subfield code="a">Ceased May 1899.</subfield></datafield><datafield ind1=" " ind2=" " tag="588"><subfield code="a">Latest issue consulted: Vol. 29, no. 45 (Jan. 29, 1899).</subfield></datafield><datafield ind1=" " ind2=" " tag="588"><subfield code="a">Description based on: Vol. 18, no. 16 (May 8, 1887).</subfield></datafield><datafield ind1=" " ind2="0" tag="651"><subfield code="a">Bloomington (Ill.)</subfield><subfield code="v">Newspapers.</subfield></datafield><datafield ind1=" " ind2="7" tag="655"><subfield code="a">Newspapers.</subfield><subfield code="2">fast</subfield><subfield code="0">(OCoLC)fst01423814</subfield></datafield><datafield ind1=" " ind2="7" tag="651"><subfield code="a">Illinois</subfield><subfield code="z">Bloomington.</subfield><subfield code="2">fast</subfield><subfield code="0">(OCoLC)fst01205022</subfield></datafield><datafield ind1=" " ind2=" " tag="752"><subfield code="a">United States</subfield><subfield code="b">Illinois</subfield><subfield code="c">McLean</subfield><subfield code="d">Bloomington.</subfield></datafield><datafield ind1="0" ind2="0" tag="780"><subfield code="t">Eye (Bloomington, Ill.)</subfield><subfield code="w">(DLC)sn 87082231</subfield><subfield code="w">(OCoLC)15217525</subfield></datafield><datafield ind1="0" ind2="4" tag="785"><subfield code="t">Daily bulletin (Bloomington, Ill.)</subfield><subfield code="w">(DLC)sn 84024155</subfield><subfield code="w">(OCoLC)10582625</subfield></datafield></record>